@inproceedings{chen2022meta,
  title     = {Meta-learning Adaptive Deep Kernel Gaussian Processes for Molecular Property Prediction},
  author    = {Wenlin Chen and {Austin} {Tripp} and Jos{\'e} Miguel Hern{\'a}ndez-Lobato},
  booktitle = {The Eleventh International Conference on Learning Representations },
  year      = {2023},
  url       = {https://openreview.net/forum?id=KXRSh0sdVTP}
}

@article{ortegon2021dockstring,
  title     = {DOCKSTRING: easy molecular docking yields better benchmarks for ligand design},
  author    = {Garc{\'i}a-Orteg{\'o}n, Miguel and Simm, Gregor NC and {Tripp}, {Austin J} and Hern{\'a}ndez-Lobato, Jos{\'e} Miguel and Bender, Andreas and Bacallado, Sergio},
  journal   = {Journal of chemical information and modeling},
  volume    = {62},
  number    = {15},
  pages     = {3486--3502},
  year      = {2022},
  publisher = {ACS Publications}
}

@inproceedings{tripp2020sample,
  author    = {{Tripp}, {Austin} and Daxberger, Erik and Hern\'{a}ndez-Lobato, Jos\'{e} Miguel},
  booktitle = {Advances in Neural Information Processing Systems},
  pages     = {11259--11272},
  publisher = {Curran Associates, inc.},
  title     = {Sample-efficient optimization in the latent space of deep generative models via weighted retraining},
  volume    = {33},
  year      = {2020}
}

@article{tripp2023genetic,
  title   = {Genetic algorithms are strong baselines for molecule generation},
  author  = {Tripp, Austin and Hern{\'a}ndez-Lobato, Jos{\'e} Miguel},
  journal = {arXiv preprint arXiv:2310.09267},
  year    = {2023}
}

@inproceedings{tripp2023retrofallback,
  title     = {Retro-fallback: retrosynthetic planning in an uncertain world},
  author    = {{Austin} {Tripp} and Krzysztof Maziarz and Sarah Lewis and Marwin Segler and Jos{\'e} Miguel Hern{\'a}ndez-Lobato},
  booktitle = {The Twelfth International Conference on Learning Representations},
  year      = {2024},
  url       = {https://openreview.net/forum?id=dl0u4ODCuW}
}

@inproceedings{tripp2023tanimoto,
  title     = {Tanimoto Random Features for Scalable Molecular Machine Learning},
  author    = {{Tripp}, {Austin} and Bacallado, Sergio and Singh, Sukriti and Hern{\'a}ndez-Lobato, Jos{\'e} Miguel},
  year      = {2023},
  booktitle = {Advances in Neural Information Processing Systems},
  publisher = {curran associates, inc.},
  volume    = {36},
  keywords  = {ownwork}
}
